@misc{ scrapy:arch,
       author = "Scrapy Docs",
       title = "Scrapy - Architecture overview",
       year = "2018",
       note={\newline\url{https://docs.scrapy.org/en/latest/topics/architecture.html}}
}