@article{kaplan_haenlein_2019,
            title={Siri, Siri, in my hand: Who’s the fairest in the land? On the interpretations, illustrations, and implications of artificial intelligence},
            volume={62},
            note= {\url{https://www.sciencedirect.com/science/article/pii/S0007681318301393}},
            DOI={10.1016/j.bushor.2018.08.004},
            number={1},
            journal={Business Horizons},
            author={Kaplan, Andreas and Haenlein, Michael},
            year={2019},
            pages={15–25}
}

@article{albus_1991,
        title={Outline for a theory of intelligence},
        volume={21},
        DOI={10.1109/21.97471},
        number={3},
        journal={IEEE Transactions on Systems, Man, and Cybernetics},
        author={Albus, J.s.},
        year={1991},
        pages={473–509}
}

@book   {poole_mackworth_goebel_1998,
        place={New York},
        title={Computational intelligence: a logical approach},
        publisher={Oxford University Press},
        author={Poole, David L. and Mackworth,
        Alan and Goebel, Randy},
        year={1998},
        note={\url{http://people.cs.ubc.ca/~poole/ci/ch1.pdf}}
}


@misc{  aihistory,
        title={History of AI},
        note={\url{https://towardsdatascience.com/history-of-ai-484a86fc16ef}},
        journal={Towards Data Science},
        publisher={Towards Data Science},
        author={Ray Shaan},
        year={2018},
        month={Aug}
}

@misc{ wiki:apredizaje_automatico,
       author = "Wikipedia",
       title = "Aprendizaje Automático --- Wikipedia{,} La enciclopedia libre",
       year = "2019",
       url = "https://es.wikipedia.org/wiki/Aprendizaje_automático"
}

@misc{  redes_neuronales,
        title={Redes Neuronales: una visión superficial},
        note={\url{http://www.cs.us.es/\~fsancho/?e=72}},
        journal={Fernando Sancho Caparrini},
        author={Fernando Sancho Caparrini},
        year={2018},
        month={Dic}
}

@misc{ wiki:mineria_de_datos,
       author = "Wikipedia",
       title = "Minería de datos --- Wikipedia{,} La enciclopedia libre",
       year = "2019",
       url = "https://es.wikipedia.org/wiki/Mineria_de_datos"
}

@misc{ wiki:web_scraping,
       author = "Wikipedia",
       title = "Web scraping --- Wikipedia{,} La enciclopedia libre",
       year = "2019",
       url = "https://es.wikipedia.org/wiki/Web_scraping"
}

@misc{ wiki:vscode,
       author = "Wikipedia",
       title = "Visual Studio Code --- Wikipedia{,} La enciclopedia libre",
       year = "2019",
       url = "https://es.wikipedia.org/wiki/Visual_Studio_Code"
}

@misc{ wiki:python,
       author = "Wikipedia",
       title = "Python --- Wikipedia{,} La enciclopedia libre",
       year = "2019",
       url = "https://es.wikipedia.org/wiki/Python"
}

@misc{ wiki:scrapy,
       author = "Wikipedia",
       title = "Scrapy --- Wikipedia{,} La enciclopedia libre",
       year = "2019",
       url = "https://es.wikipedia.org/wiki/Scrapy"
}

@misc{ wiki:keras,
       author = "Wikipedia",
       title = "Keras --- Wikipedia{,} La enciclopedia libre",
       year = "2019",
       url = "https://es.wikipedia.org/wiki/Keras"
}

@misc{ wiki:opencv,
       author = "Wikipedia",
       title = "OpenCV --- Wikipedia{,} La enciclopedia libre",
       year = "2019",
       url = "https://es.wikipedia.org/wiki/OpenCV"
}

@misc{ wiki:github,
       author = "Wikipedia",
       title = "GitHub --- Wikipedia{,} La enciclopedia libre",
       year = "2019",
       url = "https://es.wikipedia.org/wiki/GitHub"
}
@misc{ wiki:latex,
       author = "Wikipedia",
       title = "LaTeX --- Wikipedia{,} La enciclopedia libre",
       year = "2019",
       url = "https://es.wikipedia.org/wiki/LaTeX"
}
@misc{ wiki:cruzada,
       author = "Wikipedia",
       title = "Validación Cruzada --- Wikipedia{,} La enciclopedia libre",
       year = "2019",
       url = "https://es.wikipedia.org/wiki/Validacion_cruzada"
}